@BOOK{alice,
     author = "Lewis Carroll",
     title = "Alice's Adventures in Wonderland and Through the Looking Glass",
     publisher = "Simon \& Schuster Paperbacks, Inc.",
     year = "2010",
     month = "November",
     address = "1230 Avenue of the Americas, New York, NY 10020, United States of America",
     edition = "1st Edition"
}
